<?xml version="1.0" encoding="UTF-8"?><collection xmlns="http://www.loc.gov/MARC21/slim"><record><leader>00550nam--2200133-i-4500</leader><controlfield tag="001">000009882</controlfield><controlfield tag="002">20161230</controlfield><controlfield tag="005">20170225101657</controlfield><controlfield tag="008">060222s1000------------r-----000-0-eng-d</controlfield><datafield ind1=" " ind2=" " tag="245"><subfield code="a">Second cumulative EURATOM report number index (including EURAEC reports) covering period: January 1st, 1958-Dec.31st, 1966. Part.II-EURAEC-reports + 1967 supplement to the second cumulative EURATOM report number index (including EURAEC reports)</subfield></datafield><datafield ind1=" " ind2=" " tag="260"><subfield code="a">Brussels</subfield><subfield code="b">Euratom</subfield><subfield code="c">1967</subfield></datafield><datafield ind1=" " ind2=" " tag="300"><subfield code="a">20 p. (Suppl.)</subfield></datafield><datafield ind1=" " ind2=" " tag="852"><subfield code="a">01.818:061.(4)</subfield></datafield><datafield ind1=" " ind2=" " tag="CAT"><subfield code="a">SYS</subfield><subfield code="c">20170225</subfield><subfield code="h">101657</subfield></datafield></record></collection>